%% This BibTeX bibliography file was created using BibDesk.
%% http://bibdesk.sourceforge.net/

%% Created for Louis Blin at 2018-06-18 13:04:36 +0100 


%% Saved with string encoding Unicode (UTF-8) 



@article{loihi,
	Author = {M. Davies and N. Srinivasa and T. H. Lin and G. Chinya and Y. Cao and S. H. Choday and G. Dimou and P. Joshi and N. Imam and S. Jain and Y. Liao and C. K. Lin and A. Lines and R. Liu and D. Mathaikutty and S. McCoy and A. Paul and J. Tse and G. Venkataramanan and Y. H. Weng and A. Wild and Y. Yang and H. Wang},
	Date-Added = {2018-06-18 12:04:21 +0000},
	Date-Modified = {2018-06-18 12:04:30 +0000},
	Doi = {10.1109/MM.2018.112130359},
	Issn = {0272-1732},
	Journal = {IEEE Micro},
	Keywords = {circuit optimisation;integrated circuit modelling;learning (artificial intelligence);microprocessor chips;multiprocessing systems;neural chips;CPU iso-process-voltage-area;Intels process;LASSO optimization problems;Loihi;dendritic compartments;hierarchical connectivity;locally competitive algorithm;magnitude superior energy-delay-product;neuromorphic manycore processor;on-chip learning;programmable synaptic learning rules;size 14 nm;spike-based computation;spiking neural networks;synaptic delays;Algorithm design and analysis;Biological neural networks;Computational modeling;Computer architecture;Neuromorphics;Neurons;artificial intelligence;machine learning;neuromorphic computing},
	Month = {January},
	Number = {1},
	Pages = {82-99},
	Title = {Loihi: A Neuromorphic Manycore Processor with On-Chip Learning},
	Volume = {38},
	Year = {2018},
	Bdsk-Url-1 = {https://doi.org/10.1109/MM.2018.112130359}}

@webpage{defts,
	Date-Added = {2018-06-18 10:39:21 +0000},
	Date-Modified = {2018-06-18 11:45:27 +0000},
	Lastchecked = {June 2018},
	Note = {Last accessed on June 2018},
	Title = {\relax{Documentation of the pyNN.neuron.setup function}},
	Url = {http://neuralensemble.org/docs/PyNN/0.8/reference/simulationcontrol.html}}

@webpage{docker,
	Date-Added = {2018-06-17 15:49:26 +0000},
	Date-Modified = {2018-06-18 11:42:10 +0000},
	Lastchecked = {June 2018},
	Note = {Last accessed on June 2018},
	Title = {Docker},
	Url = {https://www.docker.com/}}

@webpage{networkx,
	Date-Added = {2018-06-16 21:34:24 +0000},
	Date-Modified = {2018-06-18 11:39:37 +0000},
	Lastchecked = {June 2018},
	Note = {Last accessed on June 2018},
	Title = {NetworkX, Software for complex networks},
	Url = {https://networkx.github.io/}}

@webpage{heatvis,
	Date-Added = {2018-06-11 18:35:41 +0000},
	Date-Modified = {2018-06-18 11:40:50 +0000},
	Keywords = {image},
	Lastchecked = {June 2018},
	Note = {Last accessed on June 2018},
	Title = {SpiNNaker Project: Applications - Other},
	Url = {http://apt.cs.manchester.ac.uk/projects/SpiNNaker/apps_other/},
	Bdsk-Url-1 = {http://apt.cs.manchester.ac.uk/projects/SpiNNaker/apps_other/}}

@webpage{gfeheat,
	Date-Added = {2018-06-11 18:31:22 +0000},
	Date-Modified = {2018-06-18 11:42:01 +0000},
	Lastchecked = {June 2018},
	Note = {Last accessed on June 2018},
	Title = {\relax{GitHub: Heat Demo on SpiNNakerGraphFrontEnd}},
	Url = {https://github.com/SpiNNakerManchester/SpiNNakerGraphFrontEnd/tree/2016.001/spinnaker_graph_front_end/examples/heat_demo},
	Year = {2016},
	Bdsk-Url-1 = {https://github.com/SpiNNakerManchester/SpiNNakerGraphFrontEnd/tree/2016.001/spinnaker_graph_front_end/examples/heat_demo}}

@webpage{pynnsim,
	Author = {Andrew Rowley},
	Date-Added = {2018-06-11 17:43:18 +0000},
	Date-Modified = {2018-06-18 11:45:33 +0000},
	Lastchecked = {June 2018},
	Month = {January},
	Note = {Last accessed on June 2018},
	Organization = {APT Research Group},
	Pages = {12},
	Title = {\relax{Running PyNN Simulations on SpiNNaker}},
	Type = {Slides},
	Url = {http://spinnakermanchester.github.io/2015.005.Arbitrary/workshop_material/proceedings/slides/Running_PyNN_Simulations_On_SpiNNaker.pdf},
	Year = {2015},
	Bdsk-Url-1 = {http://spinnakermanchester.github.io/2015.005.Arbitrary/workshop_material/proceedings/slides/Running_PyNN_Simulations_On_SpiNNaker.pdf}}

@webpage{ifcurrexp,
	Date-Added = {2018-06-11 14:01:07 +0000},
	Date-Modified = {2018-06-18 11:40:41 +0000},
	Lastchecked = {June 2018},
	Note = {Last accessed on June 2018},
	Title = {\relax{IF_curr_exp neuron model}},
	Url = {http://pynn.readthedocs.io/en/latest/reference/neuronmodels.html},
	Bdsk-Url-1 = {http://pynn.readthedocs.io/en/latest/reference/neuronmodels.html}}

@webpage{staticsynapse,
	Date-Added = {2018-06-11 14:00:32 +0000},
	Date-Modified = {2018-06-18 11:37:55 +0000},
	Lastchecked = {June 2018},
	Note = {Last accessed on June 2018},
	Title = {StaticSynapse synapse model},
	Url = {http://pynn.readthedocs.io/en/latest/reference/plasticitymodels.html},
	Bdsk-Url-1 = {http://pynn.readthedocs.io/en/latest/reference/plasticitymodels.html}}

@webpage{neuron,
	Date-Added = {2018-06-11 13:32:10 +0000},
	Date-Modified = {2018-06-18 11:39:33 +0000},
	Lastchecked = {June 2018},
	Note = {Last accessed on June 2018},
	Title = {Overview of neuron structure and function},
	Url = {https://www.khanacademy.org/science/biology/human-biology/neuron-nervous-system/a/overview-of-neuron-structure-and-function},
	Bdsk-Url-1 = {https://www.khanacademy.org/science/biology/human-biology/neuron-nervous-system/a/overview-of-neuron-structure-and-function}}

@proceedings{ws6,
	Date-Added = {2018-06-11 02:08:13 +0000},
	Date-Modified = {2018-06-18 11:44:11 +0000},
	Month = {September},
	Note = {Last accessed on June 2018},
	Organization = {APT Research Group},
	Title = {\relax{6th SpiNNaker Workshop}},
	Url = {http://spinnakermanchester.github.io/workshops/sixth/slides.pdf},
	Year = {2016},
	Bdsk-Url-1 = {http://spinnakermanchester.github.io/workshops/sixth/slides.pdf}}

@webpage{sPyNNaker,
	Date-Added = {2018-06-10 23:36:52 +0000},
	Date-Modified = {2018-06-18 11:45:13 +0000},
	Lastchecked = {June 2018},
	Note = {Last accessed on June 2018},
	Title = {\relax{GitHub: sPyNNaker}},
	Url = {https://github.com/SpiNNakerManchester/sPyNNaker},
	Bdsk-Url-1 = {https://github.com/SpiNNakerManchester/sPyNNaker}}

@webpage{pynn,
	Date-Added = {2018-06-10 23:27:59 +0000},
	Date-Modified = {2018-06-18 11:45:02 +0000},
	Lastchecked = {June 2018},
	Note = {Last accessed on June 2018},
	Title = {\relax{PyNN home page}},
	Url = {http://neuralensemble.org/PyNN/},
	Bdsk-Url-1 = {http://neuralensemble.org/PyNN/}}

@webpage{sPyNNaker8,
	Date-Added = {2018-06-10 23:06:21 +0000},
	Date-Modified = {2018-06-18 11:45:19 +0000},
	Lastchecked = {June 2018},
	Note = {Last accessed on June 2018},
	Title = {\relax{GitHub: sPyNNaker8}},
	Url = {https://github.com/SpiNNakerManchester/sPyNNaker8},
	Bdsk-Url-1 = {https://github.com/SpiNNakerManchester/sPyNNaker8}}

@webpage{SpiNNakerGraphFrontEnd,
	Date-Added = {2018-06-10 23:05:44 +0000},
	Date-Modified = {2018-06-18 11:38:08 +0000},
	Lastchecked = {June 2018},
	Note = {Last accessed on June 2018},
	Title = {GitHub: SpiNNakerGraphFrontEnd},
	Url = {https://github.com/SpiNNakerManchester/SpiNNakerGraphFrontEnd/},
	Bdsk-Url-1 = {https://github.com/SpiNNakerManchester/SpiNNakerGraphFrontEnd/}}

@webpage{sark,
	Date-Added = {2018-06-10 22:21:21 +0000},
	Date-Modified = {2018-06-18 11:39:04 +0000},
	Lastchecked = {June 2018},
	Month = {March},
	Note = {Last accessed on June 2018},
	Title = {\relax{SARK - SpiNNaker Application Runtime Kernel}},
	Url = {http://spinnakermanchester.github.io/docs/sarkV200.pdf},
	Year = {2016},
	Bdsk-Url-1 = {http://spinnakermanchester.github.io/docs/sarkV200.pdf}}

@webpage{sdp,
	Date-Added = {2018-06-10 18:39:28 +0000},
	Date-Modified = {2018-06-18 11:38:42 +0000},
	Lastchecked = {June 2018},
	Month = {July},
	Note = {Last accessed on June 2018},
	Title = {SpiNNaker Datagram Protocol \relax{(SDP)} Specification},
	Url = {http://spinnakermanchester.github.io/docs/spinn-app-4.pdf},
	Year = {2011},
	Bdsk-Url-1 = {http://spinnakermanchester.github.io/docs/spinn-app-4.pdf}}

@webpage{mc_pkt_layout,
	Date-Added = {2018-06-10 18:05:28 +0000},
	Date-Modified = {2018-06-18 11:40:27 +0000},
	Keywords = {image},
	Lastchecked = {June 2018},
	Note = {Last accessed on June 2018},
	Pages = {30},
	Title = {\relax{SpiNNaker multicast (MC) packets diagram}},
	Url = {http://spinnakermanchester.github.io/docs/project_docs/SpiNNdataShtV200.pdf},
	Year = {2011},
	Bdsk-Url-1 = {http://spinnakermanchester.github.io/docs/project_docs/SpiNNdataShtV200.pdf}}

@webpage{vcpu,
	Date-Added = {2018-06-10 17:27:05 +0000},
	Date-Modified = {2018-06-18 11:43:33 +0000},
	Lastchecked = {June 2018},
	Note = {Last accessed on June 2018},
	Pages = {2},
	Title = {\relax{SDP Specification - Virtual CPUs}},
	Url = {http://spinnakermanchester.github.io/docs/spinn-app-4.pdf},
	Year = {2011},
	Bdsk-Url-1 = {http://spinnakermanchester.github.io/docs/spinn-app-4.pdf}}

@webpage{mesh_img,
	Date-Added = {2018-06-10 17:10:20 +0000},
	Date-Modified = {2018-06-18 11:40:01 +0000},
	Keywords = {image},
	Lastchecked = {June 2018},
	Note = {Last accessed on June 2018},
	Pages = {4},
	Url = {http://spinnakermanchester.github.io/2015.005.Arbitrary/workshop_material/proceedings/slides/spin-chip-resources-1.pdf},
	Year = {2015},
	Bdsk-File-1 = {YnBsaXN0MDDUAQIDBAUGJCVYJHZlcnNpb25YJG9iamVjdHNZJGFyY2hpdmVyVCR0b3ASAAGGoKgHCBMUFRYaIVUkbnVsbNMJCgsMDxJXTlMua2V5c1pOUy5vYmplY3RzViRjbGFzc6INDoACgAOiEBGABIAFgAdccmVsYXRpdmVQYXRoWWFsaWFzRGF0YV8QEy4uL2ZpZ3VyZXMvbWVzaC5wbmfSFwsYGVdOUy5kYXRhTxEBtAAAAAABtAACAAAMTWFjaW50b3NoIEhEAAAAAAAAAAAAAAAAAAAAAAAAAEJEAAH/////CG1lc2gucG5nAAAAAAAAAAAAAAAAAAAAAAAAAAAAAAAAAAAAAAAAAAAAAAAAAAAAAAAAAAAAAAAAAAAAAAAAAP////8AAAAAAAAAAAAAAAAAAQACAAAKIGN1AAAAAAAAAAAAAAAAAAdmaWd1cmVzAAACAGQvOlVzZXJzOmxvdWlzYmxpbjpHb29nbGUgRHJpdmU6SW1wZXJpYWw6WWVhcjQ6NDAxIC0gSW5kaXZpZHVhbCBQcm9qZWN0OkZpbmFsIHJlcG9ydDpmaWd1cmVzOm1lc2gucG5nAA4AEgAIAG0AZQBzAGgALgBwAG4AZwAPABoADABNAGEAYwBpAG4AdABvAHMAaAAgAEgARAASAGJVc2Vycy9sb3Vpc2JsaW4vR29vZ2xlIERyaXZlL0ltcGVyaWFsL1llYXI0LzQwMSAtIEluZGl2aWR1YWwgUHJvamVjdC9GaW5hbCByZXBvcnQvZmlndXJlcy9tZXNoLnBuZwATAAEvAAAVAAIAEP//AACABtIbHB0eWiRjbGFzc25hbWVYJGNsYXNzZXNdTlNNdXRhYmxlRGF0YaMdHyBWTlNEYXRhWE5TT2JqZWN00hscIiNcTlNEaWN0aW9uYXJ5oiIgXxAPTlNLZXllZEFyY2hpdmVy0SYnVHJvb3SAAQAIABEAGgAjAC0AMgA3AEAARgBNAFUAYABnAGoAbABuAHEAcwB1AHcAhACOAKQAqQCxAmkCawJwAnsChAKSApYCnQKmAqsCuAK7As0C0ALVAAAAAAAAAgEAAAAAAAAAKAAAAAAAAAAAAAAAAAAAAtc=}}

@webpage{udp,
	Date-Added = {2018-06-10 14:26:23 +0000},
	Date-Modified = {2018-06-18 11:37:37 +0000},
	Lastchecked = {June 2018},
	Note = {Last accessed on June 2018},
	Title = {What Is UDP?},
	Url = {https://www.cloudflare.com/learning/ddos/glossary/user-datagram-protocol-udp/},
	Bdsk-Url-1 = {https://www.cloudflare.com/learning/ddos/glossary/user-datagram-protocol-udp/}}

@webpage{testchip,
	Date-Added = {2018-06-10 12:33:11 +0000},
	Date-Modified = {2018-06-18 11:37:50 +0000},
	Lastchecked = {June 2018},
	Note = {Last accessed on June 2018},
	Title = {SpiNNaker datasheet},
	Url = {http://spinnakermanchester.github.io/docs/project_docs/SpiNNdataShtV200.pdf},
	Year = {2010},
	Bdsk-Url-1 = {http://spinnakermanchester.github.io/docs/project_docs/SpiNNdataShtV200.pdf}}

@webpage{spin-chip-resources,
	Date-Added = {2018-06-10 00:00:35 +0000},
	Date-Modified = {2018-06-18 11:38:17 +0000},
	Lastchecked = {June 2018},
	Note = {Last accessed on June 2018},
	Title = {SpiNNaker chip resources},
	Url = {http://spinnakermanchester.github.io/2015.005.Arbitrary/workshop_material/proceedings/slides/spin-chip-resources-1.pdf},
	Year = {2015},
	Bdsk-Url-1 = {http://spinnakermanchester.github.io/2015.005.Arbitrary/workshop_material/proceedings/slides/spin-chip-resources-1.pdf}}

@webpage{neuron-loss,
	Date-Added = {2018-06-09 23:55:45 +0000},
	Date-Modified = {2018-06-18 11:39:29 +0000},
	Lastchecked = {June 2018},
	Note = {Last accessed on June 2018},
	Title = {Neuron lectures},
	Url = {http://cda.morris.umn.edu/~meeklesr/neurons.html},
	Bdsk-Url-1 = {http://cda.morris.umn.edu/~meeklesr/neurons.html}}

@webpage{green500,
	Date-Added = {2018-06-09 22:08:31 +0000},
	Date-Modified = {2018-06-18 11:41:40 +0000},
	Lastchecked = {June 2018},
	Month = {November},
	Note = {Last accessed on June 2018},
	Title = {\relax{GREEN500 list of power-efficient supercomputers}},
	Url = {https://www.top500.org/green500/list/2017/11/},
	Year = {2017},
	Bdsk-Url-1 = {https://www.top500.org/green500/list/2017/11/}}

@webpage{top500,
	Date-Added = {2018-06-09 19:22:51 +0000},
	Date-Modified = {2018-06-18 11:37:43 +0000},
	Lastchecked = {June 2018},
	Month = {November},
	Note = {Last accessed on June 2018},
	Title = {Top 500 supercomputers in the world},
	Url = {https://www.top500.org/lists/2017/11/},
	Year = {2017},
	Bdsk-Url-1 = {https://www.top500.org/lists/2017/11/}}

@article{summit,
	Author = {Martin Giles},
	Date-Added = {2018-06-09 19:18:24 +0000},
	Date-Modified = {2018-06-09 19:19:40 +0000},
	Journal = {MIT Technology Review},
	Lastchecked = {June 2018},
	Month = {June},
	Title = {America's new supercomputer beats China's fastest machine to take title of world's most powerful},
	Url = {https://www.technologyreview.com/the-download/611385},
	Year = {2018},
	Bdsk-Url-1 = {https://www.technologyreview.com/the-download/611385}}

@article{truenorthpaper,
	Author = {F. Akopyan and J. Sawada and A. Cassidy and R. Alvarez-Icaza and J. Arthur and P. Merolla and N. Imam and Y. Nakamura and P. Datta and G. J. Nam and B. Taba and M. Beakes and B. Brezzo and J. B. Kuang and R. Manohar and W. P. Risk and B. Jackson and D. S. Modha},
	Date-Added = {2018-06-09 18:37:26 +0000},
	Date-Modified = {2018-06-09 18:38:49 +0000},
	Doi = {10.1109/TCAD.2015.2474396},
	Issn = {0278-0070},
	Journal = {IEEE Transactions on Computer-Aided Design of Integrated Circuits and Systems},
	Month = {Oct},
	Number = {10},
	Pages = {1537-1557},
	Title = {TrueNorth: Design and Tool Flow of a 65 mW 1 Million Neuron Programmable Neurosynaptic Chip},
	Volume = {34},
	Year = {2015},
	Bdsk-Url-1 = {https://doi.org/10.1109/TCAD.2015.2474396}}

@misc{energy-non-prop,
	Author = {Pietzuch, Peter},
	Date-Added = {2018-06-09 12:16:46 +0000},
	Date-Modified = {2018-06-09 12:18:05 +0000},
	Howpublished = {Lecture slides},
	Month = {January},
	Title = {Scalable Distributed Systems Design: Overview},
	Url = {https://wwwhomes.doc.ic.ac.uk/~prp/doc/teaching/1718/410H/01-sdsd-410h-intro.pdf},
	Year = {2018},
	Bdsk-Url-1 = {https://wwwhomes.doc.ic.ac.uk/~prp/doc/teaching/1718/410H/01-sdsd-410h-intro.pdf}}

@article{energy-prop,
	Author = {Barroso, L. A. and H{\"o}lzle, U.},
	Date-Added = {2018-06-09 12:07:33 +0000},
	Date-Modified = {2018-06-09 12:08:54 +0000},
	Journal = {Computer},
	Month = {December},
	Number = {12},
	Pages = {33-37},
	Title = {The Case for Energy-Proportional Computing},
	Volume = {40},
	Year = {2007}}

@webpage{arm968,
	Date-Added = {2018-06-09 11:48:34 +0000},
	Date-Modified = {2018-06-18 11:36:32 +0000},
	Lastchecked = {June 2018},
	Note = {Last accessed on June 2018},
	Title = {ARM968E-S processor reference technical manual},
	Url = {http://infocenter.arm.com/help/index.jsp?topic=/com.arm.doc.ddi0311d/I1019909.html},
	Bdsk-Url-1 = {http://infocenter.arm.com/help/index.jsp?topic=/com.arm.doc.ddi0311d/I1019909.html}}

@webpage{dev-process,
	Date-Added = {2018-06-09 11:12:20 +0000},
	Date-Modified = {2018-06-18 11:42:14 +0000},
	Lastchecked = {June 2018},
	Note = {Last accessed on June 2018},
	Title = {SpiNNaker Circuit Boards},
	Url = {http://apt.cs.manchester.ac.uk/projects/SpiNNaker/hardware/index3.php},
	Bdsk-Url-1 = {http://apt.cs.manchester.ac.uk/projects/SpiNNaker/hardware/index3.php}}

@webpage{hw,
	Date-Added = {2018-06-09 10:42:57 +0000},
	Date-Modified = {2018-06-18 11:40:46 +0000},
	Lastchecked = {June 2018},
	Note = {Last accessed on June 2018},
	Title = {Silicon brains hardware},
	Url = {https://www.humanbrainproject.eu/en/silicon-brains/how-we-work/hardware/},
	Year = {2017},
	Bdsk-Url-1 = {https://www.humanbrainproject.eu/en/silicon-brains/how-we-work/hardware/}}

@webpage{nmp,
	Date-Added = {2018-06-09 01:11:56 +0000},
	Date-Modified = {2018-06-18 11:39:26 +0000},
	Lastchecked = {June 2018},
	Note = {Last accessed on June 2018},
	Title = {The Neuromorphic Computing platform},
	Url = {https://www.humanbrainproject.eu/en/silicon-brains/neuromorphic-computing-platform/},
	Bdsk-Url-1 = {https://www.humanbrainproject.eu/en/silicon-brains/neuromorphic-computing-platform/}}

@article{truenorth,
	Author = {\relax{IBM Press}},
	Date-Added = {2018-06-09 01:00:21 +0000},
	Date-Modified = {2018-06-18 11:28:23 +0000},
	Journal = {IBM press release},
	Title = {U.S. Air Force Research Lab Taps IBM to Build Brain-Inspired AI Supercomputing System},
	Url = {https://www-03.ibm.com/press/us/en/pressrelease/52657.wss},
	Year = {2017},
	Bdsk-Url-1 = {https://www-03.ibm.com/press/us/en/pressrelease/52657.wss}}

@webpage{brain,
	Date-Added = {2018-06-09 00:52:10 +0000},
	Date-Modified = {2018-06-18 11:36:40 +0000},
	Lastchecked = {June 2018},
	Note = {Last accessed on June 2018},
	Title = {BRAIN initiative},
	Url = {https://www.braininitiative.nih.gov/},
	Bdsk-Url-1 = {https://www.braininitiative.nih.gov/}}

@article{theeco,
	Author = {\relax{anonymous author}},
	Date-Added = {2018-06-09 00:32:06 +0000},
	Date-Modified = {2018-06-18 11:28:11 +0000},
	Journal = {The Economist},
	Month = {August},
	Title = {The machine of a new soul},
	Url = {https://www.economist.com/science-and-technology/2013/08/03/the-machine-of-a-new-soul},
	Year = {2013},
	Bdsk-Url-1 = {https://www.economist.com/science-and-technology/2013/08/03/the-machine-of-a-new-soul}}

@article{acm,
	Author = {Don Monroe},
	Date-Added = {2018-06-09 00:14:50 +0000},
	Date-Modified = {2018-06-09 00:15:42 +0000},
	Journal = {Communications of the ACM},
	Month = {June},
	Number = {6},
	Pages = {13-15},
	Title = {Neuromorphic Computing Gets Ready For the (Really) Big Time},
	Volume = {57},
	Year = {2014}}

@webpage{ncp,
	Date-Added = {2018-06-08 23:38:41 +0000},
	Date-Modified = {2018-06-18 11:39:51 +0000},
	Lastchecked = {June 2018},
	Month = {October},
	Note = {Last accessed on June 2018},
	Title = {\relax{The Human Brain Project SP 9: Neuromorphic Computing Platform}},
	Url = {https://www.youtube.com/watch?v=6RoiZ90mGfw},
	Year = {2013},
	Bdsk-Url-1 = {https://www.youtube.com/watch?v=6RoiZ90mGfw}}

@webpage{mead,
	Date-Added = {2018-06-08 23:33:07 +0000},
	Date-Modified = {2018-06-18 11:40:05 +0000},
	Lastchecked = {June 2018},
	Note = {Last accessed on June 2018},
	Title = {Carver Mead},
	Url = {http://www.carvermead.caltech.edu/index.html},
	Bdsk-Url-1 = {http://www.carvermead.caltech.edu/index.html}}

@article{retina,
	Author = {Mead, Carver A. and Mahowald, M. A.},
	Date-Added = {2018-06-08 23:27:48 +0000},
	Date-Modified = {2018-06-08 23:29:38 +0000},
	Journal = {Neural Networks},
	Pages = {91-97},
	Title = {A silicon model of early visual processing},
	Year = {1988}}

@webpage{heat,
	Date-Added = {2018-06-08 15:44:22 +0000},
	Date-Modified = {2018-06-18 11:41:01 +0000},
	Lastchecked = {June 2018},
	Note = {Last accessed on June 2018},
	Title = {\relax{GitHub: Heat Demo on SpiNNaker}},
	Url = {https://github.com/SpiNNakerManchester/spinnaker_tools/tree/master/apps/heat_demo},
	Bdsk-Url-1 = {https://github.com/SpiNNakerManchester/spinnaker_tools/tree/master/apps/heat_demo}}

@techreport{mr,
	Author = {Dean, J and Ghemawat, S},
	Date-Added = {2018-06-07 17:23:53 +0000},
	Date-Modified = {2018-06-07 17:24:50 +0000},
	Institution = {Google Research},
	Title = {MapReduce: Simplified Data Processing on Large Clusters},
	Year = {2004}}

@webpage{google-si,
	Date-Added = {2018-06-07 17:01:38 +0000},
	Date-Modified = {2018-06-18 11:41:48 +0000},
	Lastchecked = {June 2018},
	Note = {Last accessed on June 2018},
	Title = {How Search organizes information},
	Url = {https://www.google.com/search/howsearchworks/crawling-indexing/},
	Bdsk-Url-1 = {https://www.google.com/search/howsearchworks/crawling-indexing/}}

@webpage{fb-ac-users,
	Date-Added = {2018-06-07 16:12:45 +0000},
	Date-Modified = {2018-06-18 11:42:05 +0000},
	Lastchecked = {June 2018},
	Month = {April},
	Note = {Last accessed on June 2018},
	Title = {Number of monthly active Facebook users worldwide as of 1st quarter 2018},
	Url = {https://www.statista.com/statistics/264810/number-of-monthly-active-facebook-users-worldwide/},
	Year = {2018},
	Bdsk-Url-1 = {https://www.statista.com/statistics/264810/number-of-monthly-active-facebook-users-worldwide/}}

@webpage{nayuki,
	Date-Added = {2018-06-07 15:53:26 +0000},
	Date-Modified = {2018-06-18 11:39:57 +0000},
	Lastchecked = {June 2018},
	Note = {Last accessed on June 2018},
	Title = {Computing Wikipedias internal pageranks},
	Url = {https://www.nayuki.io/page/computing-wikipedias-internal-pageranks},
	Year = {2016},
	Bdsk-Url-1 = {https://www.nayuki.io/page/computing-wikipedias-internal-pageranks}}

@article{fb,
	Author = {Backstrom, Lars and Boldi, Paolo and Rosa, Marco and Ugander, Johan and Vigna, Sebastiano},
	Date-Added = {2018-06-07 15:10:33 +0000},
	Date-Modified = {2018-06-07 15:13:41 +0000},
	Journal = {ACM Web Science 2012: Conference Proceedings},
	Pages = {45-54},
	Title = {Four degrees of separation},
	Year = {2012}}

@proceedings{ybug,
	Date-Added = {2018-06-06 19:24:23 +0000},
	Date-Modified = {2018-06-18 11:44:25 +0000},
	Month = {September},
	Note = {Last accessed on June 2018},
	Organization = {APT Research Group},
	Pages = {31},
	Title = {\relax{6th SpiNNaker Workshop}},
	Url = {http://spinnakermanchester.github.io/workshops/sixth/slides.pdf},
	Year = {2016},
	Bdsk-Url-1 = {http://spinnakermanchester.github.io/workshops/sixth/slides.pdf}}

@article{5th-summit,
	Author = {\relax{Press Release}},
	Date-Added = {2018-06-06 19:14:24 +0000},
	Date-Modified = {2018-06-18 11:27:21 +0000},
	Journal = {Human Brain Project},
	Title = {Progress in building Europe's new platform for understanding the brain},
	Url = {https://www.humanbrainproject.eu/en/follow-hbp/news/progress-in-building-europes-new-platform-for-understanding-the-brain/},
	Year = {2017},
	Bdsk-Url-1 = {https://www.humanbrainproject.eu/en/follow-hbp/news/progress-in-building-europes-new-platform-for-understanding-the-brain/}}

@article{ai-papers,
	Author = {Louis Colombus},
	Date-Added = {2018-06-06 17:31:25 +0000},
	Date-Modified = {2018-06-06 17:34:56 +0000},
	Journal = {Forbes},
	Title = {10 Charts That Will Change Your Perspective On Artificial Intelligence's Growth},
	Url = {https://www.forbes.com/sites/louiscolumbus/2018/01/12/10-charts-that-will-change-your-perspective-on-artificial-intelligences-growth},
	Year = {2018},
	Bdsk-Url-1 = {https://www.forbes.com/sites/louiscolumbus/2018/01/12/10-charts-that-will-change-your-perspective-on-artificial-intelligences-growth}}

@article{ai-invest,
	Author = {Julia Fioretti},
	Date-Added = {2018-06-06 15:49:56 +0000},
	Date-Modified = {2018-06-06 15:51:01 +0000},
	Journal = {Reuters},
	Month = {April},
	Title = {UPDATE 1-EU targets 20 billion euro investment in AI to catch up with US, Asia},
	Url = {https://www.reuters.com/article/eu-artificialintelligence/idUSL8N1S26LG},
	Year = {2018},
	Bdsk-Url-1 = {https://www.reuters.com/article/eu-artificialintelligence/idUSL8N1S26LG}}

@webpage{smp,
	Author = {\relax{Stanford Computer Science}},
	Date-Added = {2018-06-06 15:16:00 +0000},
	Date-Modified = {2018-06-18 11:35:37 +0000},
	Note = {Last accessed on June 2018},
	Title = {Neural networks and financial prediction},
	Url = {https://cs.stanford.edu/people/eroberts/courses/soco/projects/neural-networks/Applications/stocks.html},
	Bdsk-Url-1 = {https://cs.stanford.edu/people/eroberts/courses/soco/projects/neural-networks/Applications/stocks.html}}

@techreport{alvinn,
	Author = {Dean A. Pomerleau},
	Date-Added = {2018-06-06 15:09:30 +0000},
	Date-Modified = {2018-06-06 15:10:58 +0000},
	Institution = {Carnegie Mellon School of Computer Science},
	Title = {ALVINN: An Autonomous Land Vehicle in a Neural Network},
	Url = {http://repository.cmu.edu/cgi/viewcontent.cgi?article=2874&context=compsci},
	Year = {1989},
	Bdsk-Url-1 = {http://repository.cmu.edu/cgi/viewcontent.cgi?article=2874&context=compsci}}

@misc{ai-proj,
	Author = {\relax{Statistica}},
	Date-Added = {2018-06-06 14:53:12 +0000},
	Date-Modified = {2018-06-18 11:27:11 +0000},
	Keywords = {image},
	Month = {January},
	Title = {Enterprise AI market revenue worldwide 2016-2025},
	Url = {https://www.statista.com/statistics/747775/worldwide-reasons-for-adopting-ai/},
	Year = {2018},
	Bdsk-File-1 = {YnBsaXN0MDDUAQIDBAUGJCVYJHZlcnNpb25YJG9iamVjdHNZJGFyY2hpdmVyVCR0b3ASAAGGoKgHCBMUFRYaIVUkbnVsbNMJCgsMDxJXTlMua2V5c1pOUy5vYmplY3RzViRjbGFzc6INDoACgAOiEBGABIAFgAdccmVsYXRpdmVQYXRoWWFsaWFzRGF0YV8QHS4uL2ZpZ3VyZXMvYWktcHJvamVjdGlvbnMuanBn0hcLGBlXTlMuZGF0YU8RAdwAAAAAAdwAAgAADE1hY2ludG9zaCBIRAAAAAAAAAAAAAAAAAAAAAAAAABCRAAB/////xJhaS1wcm9qZWN0aW9ucy5qcGcAAAAAAAAAAAAAAAAAAAAAAAAAAAAAAAAAAAAAAAAAAAAAAAAAAAAAAAAAAAD/////AAAAAAAAAAAAAAAAAAEAAgAACiBjdQAAAAAAAAAAAAAAAAAHZmlndXJlcwAAAgBuLzpVc2Vyczpsb3Vpc2JsaW46R29vZ2xlIERyaXZlOkltcGVyaWFsOlllYXI0OjQwMSAtIEluZGl2aWR1YWwgUHJvamVjdDpGaW5hbCByZXBvcnQ6ZmlndXJlczphaS1wcm9qZWN0aW9ucy5qcGcADgAmABIAYQBpAC0AcAByAG8AagBlAGMAdABpAG8AbgBzAC4AagBwAGcADwAaAAwATQBhAGMAaQBuAHQAbwBzAGgAIABIAEQAEgBsVXNlcnMvbG91aXNibGluL0dvb2dsZSBEcml2ZS9JbXBlcmlhbC9ZZWFyNC80MDEgLSBJbmRpdmlkdWFsIFByb2plY3QvRmluYWwgcmVwb3J0L2ZpZ3VyZXMvYWktcHJvamVjdGlvbnMuanBnABMAAS8AABUAAgAQ//8AAIAG0hscHR5aJGNsYXNzbmFtZVgkY2xhc3Nlc11OU011dGFibGVEYXRhox0fIFZOU0RhdGFYTlNPYmplY3TSGxwiI1xOU0RpY3Rpb25hcnmiIiBfEA9OU0tleWVkQXJjaGl2ZXLRJidUcm9vdIABAAgAEQAaACMALQAyADcAQABGAE0AVQBgAGcAagBsAG4AcQBzAHUAdwCEAI4ArgCzALsCmwKdAqICrQK2AsQCyALPAtgC3QLqAu0C/wMCAwcAAAAAAAACAQAAAAAAAAAoAAAAAAAAAAAAAAAAAAADCQ==}}

@techreport{adaline,
	Author = {Bernard Widrow},
	Date-Added = {2018-06-06 14:19:16 +0000},
	Date-Modified = {2018-06-06 14:21:33 +0000},
	Institution = {Stanford University},
	Title = {An adaptive "ADALINE" neuron using chemical "memistors"},
	Url = {http://www-isl.stanford.edu/~widrow/papers/t1960anadaptive.pdf},
	Year = {1960},
	Bdsk-Url-1 = {http://www-isl.stanford.edu/~widrow/papers/t1960anadaptive.pdf}}

@webpage{apache-hadoop,
	Author = {\relax{Apache Software Foundation}},
	Date-Added = {2018-01-26 16:15:59 +0000},
	Date-Modified = {2018-06-18 11:36:23 +0000},
	Lastchecked = {2018-01-25},
	Note = {Last accessed on June 2018},
	Title = {Powered by Apache Hadoop},
	Url = {https://wiki.apache.org/hadoop/PoweredBy#Y},
	Bdsk-Url-1 = {https://wiki.apache.org/hadoop/PoweredBy#Y}}

@article{comm-eff,
	Author = {Mota, Jo{\~a}o F. C. and Xavier, Jo{\~a}o M. F. and Aguiar, Pedro M. Q. and P{\"u}schel, Markus},
	Date-Added = {2018-01-26 14:06:12 +0000},
	Date-Modified = {2018-01-26 14:08:01 +0000},
	Journal = {IEEE Transactions on Signal Processing},
	Month = {March},
	Number = {10},
	Pages = {2718 - 2723},
	Title = {D-ADMM: A Communication-Efficient Distributed Algorithm for Separable Optimization},
	Volume = {61},
	Year = {2013}}

@mastersthesis{perfcomp,
	Author = {Chorley, Martin James},
	Date-Added = {2018-01-26 14:04:22 +0000},
	Date-Modified = {2018-01-26 14:05:42 +0000},
	Month = {August},
	School = {The University of Edinburgh},
	Title = {Performance Comparison of Message Passing and Shared Memory Programming with HPC Benchmarks},
	Url = {https://static.epcc.ed.ac.uk/dissertations/hpc-msc/2006-2007/0773421-27d-d07rep1.3.pdf},
	Year = {2007},
	Bdsk-Url-1 = {https://static.epcc.ed.ac.uk/dissertations/hpc-msc/2006-2007/0773421-27d-d07rep1.3.pdf}}

@article{hotspot,
	Author = {Harzallah, K. and Sevcik, K. C.},
	Date-Added = {2018-01-26 14:02:20 +0000},
	Date-Modified = {2018-01-26 14:03:30 +0000},
	Journal = {Supercomputing '93:Proceedings of the 1993 ACM/IEEE Conference on Supercomputing},
	Title = {Hot spot analysis in large scale shared memory multiprocessors},
	Year = {1993}}

@misc{markov-spinn-results,
	Author = {Mendat, Daniel R. and Chin, Sang and Furber, Steve B. and Andreou, Andreas G.},
	Date-Added = {2018-01-26 13:08:17 +0000},
	Date-Modified = {2018-01-26 13:10:42 +0000},
	Keywords = {image},
	Month = {February},
	Title = {Performance comparison on neural Sampling between a PC and SpiNNaker},
	Year = {2015},
	Bdsk-File-1 = {YnBsaXN0MDDUAQIDBAUGJCVYJHZlcnNpb25YJG9iamVjdHNZJGFyY2hpdmVyVCR0b3ASAAGGoKgHCBMUFRYaIVUkbnVsbNMJCgsMDxJXTlMua2V5c1pOUy5vYmplY3RzViRjbGFzc6INDoACgAOiEBGABIAFgAdccmVsYXRpdmVQYXRoWWFsaWFzRGF0YV8QIGZpZ3VyZXMvbWFya292LXNwaW5uLXJlc3VsdHMucG5n0hcLGBlXTlMuZGF0YU8RAfgAAAAAAfgAAgAADE1hY2ludG9zaCBIRAAAAAAAAAAAAAAAAAAAAAAAAABCRAAB/////xhtYXJrb3Ytc3Bpbm4tcmVzdWx0cy5wbmcAAAAAAAAAAAAAAAAAAAAAAAAAAAAAAAAAAAAAAAAAAAAAAAAAAAD/////AAAAAAAAAAAAAAAAAAEAAwAACiBjdQAAAAAAAAAAAAAAAAAHZmlndXJlcwAAAgB2LzpVc2Vyczpsb3Vpc2JsaW46R29vZ2xlIERyaXZlOkltcGVyaWFsOlllYXI0OjQwMSAtIEluZGl2aWR1YWwgUHJvamVjdDpJbnRlcmltIHJlcG9ydDpmaWd1cmVzOm1hcmtvdi1zcGlubi1yZXN1bHRzLnBuZwAOADIAGABtAGEAcgBrAG8AdgAtAHMAcABpAG4AbgAtAHIAZQBzAHUAbAB0AHMALgBwAG4AZwAPABoADABNAGEAYwBpAG4AdABvAHMAaAAgAEgARAASAHRVc2Vycy9sb3Vpc2JsaW4vR29vZ2xlIERyaXZlL0ltcGVyaWFsL1llYXI0LzQwMSAtIEluZGl2aWR1YWwgUHJvamVjdC9JbnRlcmltIHJlcG9ydC9maWd1cmVzL21hcmtvdi1zcGlubi1yZXN1bHRzLnBuZwATAAEvAAAVAAIAEP//AACABtIbHB0eWiRjbGFzc25hbWVYJGNsYXNzZXNdTlNNdXRhYmxlRGF0YaMdHyBWTlNEYXRhWE5TT2JqZWN00hscIiNcTlNEaWN0aW9uYXJ5oiIgXxAPTlNLZXllZEFyY2hpdmVy0SYnVHJvb3SAAQAIABEAGgAjAC0AMgA3AEAARgBNAFUAYABnAGoAbABuAHEAcwB1AHcAhACOALEAtgC+AroCvALBAswC1QLjAucC7gL3AvwDCQMMAx4DIQMmAAAAAAAAAgEAAAAAAAAAKAAAAAAAAAAAAAAAAAAAAyg=}}

@article{markov-on-spinn,
	Author = {Mendat, Daniel R. and Chin, Sang and Furber, Steve B. and Andreou, Andreas G.},
	Date-Added = {2018-01-26 11:01:29 +0000},
	Date-Modified = {2018-01-26 11:07:20 +0000},
	Journal = {Information Sciences and Systems (CISS), 2015 49th Annual Conference on},
	Month = {February},
	Pages = {1-6},
	Title = {Markov Chain Monte Carlo inference on graphical models using event-based processing on the SpiNNaker neuromorphic architecture},
	Year = {2015}}

@article{bench-gap,
	Author = {Beamer, Scott and Asanovic, Krste and Patterson, David},
	Date-Added = {2018-01-26 10:58:35 +0000},
	Date-Modified = {2018-01-26 11:00:18 +0000},
	Journal = {Cornel University Library},
	Title = {The GAP Benchmark Suite},
	Url = {https://arxiv.org/abs/1508.03619},
	Year = {2015},
	Bdsk-Url-1 = {https://arxiv.org/abs/1508.03619}}

@article{bench-spinnaker,
	Author = {Furber, Steve B. and Sharp, Thomas},
	Date-Added = {2018-01-26 10:45:30 +0000},
	Date-Modified = {2018-01-26 10:47:14 +0000},
	Journal = {Neural Networks (IJCNN), The 2013 International Joint Conference on},
	Title = {Correctness and performance of the SpiNNaker architecture},
	Year = {2013}}

@article{bench-graphs,
	Author = {Pollard, Samuel D. and Norris, Boyana},
	Date-Added = {2018-01-26 10:34:59 +0000},
	Date-Modified = {2018-01-26 10:37:15 +0000},
	Journal = {Cluster Computing (CLUSTER), 2017 IEEE International Conference on},
	Title = {A Comparison of Parallel Graph Processing Implementations},
	Year = {2017}}

@article{aer,
	Author = {Boahen, K.},
	Date-Added = {2018-01-25 19:06:00 +0000},
	Date-Modified = {2018-01-26 01:25:53 +0000},
	Journal = {IEEE Transactions Circuits Systems},
	Month = {May},
	Number = {5},
	Pages = {416-434},
	Title = {Point-to-point connectivity between neuromorphic chips using address events},
	Volume = {47},
	Year = {2000}}

@webpage{act-project-access,
	Date-Added = {2018-01-25 18:02:57 +0000},
	Date-Modified = {2018-06-18 11:36:11 +0000},
	Lastchecked = {2018-01-25},
	Note = {Last accessed on June 2018},
	Title = {SpinNNaker project access},
	Url = {http://apt.cs.manchester.ac.uk/projects/SpiNNaker/project/Access/}}

@article{spinnaker,
	Author = {Furber, Steve B. and Galluppi, Francesco and Temple, Steve and Plana, Luis A.},
	Date-Added = {2018-01-25 13:15:52 +0000},
	Date-Modified = {2018-01-26 01:25:18 +0000},
	Journal = {Proceedings of the IEEE},
	Keywords = {Neural networks, Program processors, Computer architecture, Neuroscience, Computational modeling, Brain modeling, Multitasking, Parallel programming},
	Month = {February},
	Number = {4},
	Pages = {652 - 665},
	Title = {The SpiNNaker Project},
	Volume = {102},
	Year = {2014}}

@article{hbp-jobs,
	Author = {\relax{Human Brain Project}},
	Date-Added = {2018-01-25 12:26:58 +0000},
	Date-Modified = {2018-06-18 11:26:52 +0000},
	Journal = {Human Brain Project News},
	Title = {The HBP neuromorphic platform -- running jobs on a unique facility},
	Url = {https://www.humanbrainproject.eu/en/follow-hbp/news/the-hbp-neuromorphic-platform-busy-running-jobs-on-a-unique-facility/},
	Year = {2017},
	Bdsk-Url-1 = {https://www.humanbrainproject.eu/en/follow-hbp/news/the-hbp-neuromorphic-platform-busy-running-jobs-on-a-unique-facility/}}

@webpage{SpiNNaker-Project,
	Date-Added = {2018-01-25 12:11:21 +0000},
	Date-Modified = {2018-06-18 11:38:13 +0000},
	Lastchecked = {2018-01-25},
	Note = {Last accessed on June 2018},
	Title = {SpinNNaker project home page},
	Url = {http://apt.cs.manchester.ac.uk/projects/SpiNNaker/project/},
	Bdsk-Url-1 = {http://apt.cs.manchester.ac.uk/projects/SpiNNaker/project/}}

@webpage{hbp,
	Date-Added = {2018-01-25 12:10:30 +0000},
	Date-Modified = {2018-06-18 11:41:06 +0000},
	Lastchecked = {2018-01-25},
	Note = {Last accessed on June 2018},
	Title = {Human Brain Project home page},
	Url = {https://www.humanbrainproject.eu},
	Bdsk-Url-1 = {https://www.humanbrainproject.eu}}

@misc{spinn-3,
	Author = {\relax{Advanced Processor Technology Research Group}},
	Date-Added = {2018-01-25 12:09:39 +0000},
	Date-Modified = {2018-06-18 11:27:34 +0000},
	Keywords = {image},
	Title = {The SpiNN-3, 4-node circuit board with 72 ARM cores},
	Bdsk-File-1 = {YnBsaXN0MDDUAQIDBAUGJCVYJHZlcnNpb25YJG9iamVjdHNZJGFyY2hpdmVyVCR0b3ASAAGGoKgHCBMUFRYaIVUkbnVsbNMJCgsMDxJXTlMua2V5c1pOUy5vYmplY3RzViRjbGFzc6INDoACgAOiEBGABIAFgAdccmVsYXRpdmVQYXRoWWFsaWFzRGF0YV8QE2ZpZ3VyZXMvU3BpTk4tMy5wbmfSFwsYGVdOUy5kYXRhTxEBxgAAAAABxgACAAAMTWFjaW50b3NoIEhEAAAAAAAAAAAAAAAAAAAAAAAAAEJEAAH/////C1NwaU5OLTMucG5nAAAAAAAAAAAAAAAAAAAAAAAAAAAAAAAAAAAAAAAAAAAAAAAAAAAAAAAAAAAAAAAAAAAAAP////8AAAAAAAAAAAAAAAAAAQADAAAKIGN1AAAAAAAAAAAAAAAAAAdmaWd1cmVzAAACAGkvOlVzZXJzOmxvdWlzYmxpbjpHb29nbGUgRHJpdmU6SW1wZXJpYWw6WWVhcjQ6NDAxIC0gSW5kaXZpZHVhbCBQcm9qZWN0OkludGVyaW0gcmVwb3J0OmZpZ3VyZXM6U3BpTk4tMy5wbmcAAA4AGAALAFMAcABpAE4ATgAtADMALgBwAG4AZwAPABoADABNAGEAYwBpAG4AdABvAHMAaAAgAEgARAASAGdVc2Vycy9sb3Vpc2JsaW4vR29vZ2xlIERyaXZlL0ltcGVyaWFsL1llYXI0LzQwMSAtIEluZGl2aWR1YWwgUHJvamVjdC9JbnRlcmltIHJlcG9ydC9maWd1cmVzL1NwaU5OLTMucG5nAAATAAEvAAAVAAIAEP//AACABtIbHB0eWiRjbGFzc25hbWVYJGNsYXNzZXNdTlNNdXRhYmxlRGF0YaMdHyBWTlNEYXRhWE5TT2JqZWN00hscIiNcTlNEaWN0aW9uYXJ5oiIgXxAPTlNLZXllZEFyY2hpdmVy0SYnVHJvb3SAAQAIABEAGgAjAC0AMgA3AEAARgBNAFUAYABnAGoAbABuAHEAcwB1AHcAhACOAKQAqQCxAnsCfQKCAo0ClgKkAqgCrwK4Ar0CygLNAt8C4gLnAAAAAAAAAgEAAAAAAAAAKAAAAAAAAAAAAAAAAAAAAuk=}}

@misc{spinn-core,
	Author = {\relax{Advanced Processor Technology Research Group}},
	Date-Added = {2018-01-25 12:08:19 +0000},
	Date-Modified = {2018-06-18 11:27:41 +0000},
	Keywords = {image},
	Title = {SpiNNaker core design},
	Bdsk-File-1 = {YnBsaXN0MDDUAQIDBAUGJCVYJHZlcnNpb25YJG9iamVjdHNZJGFyY2hpdmVyVCR0b3ASAAGGoKgHCBMUFRYaIVUkbnVsbNMJCgsMDxJXTlMua2V5c1pOUy5vYmplY3RzViRjbGFzc6INDoACgAOiEBGABIAFgAdccmVsYXRpdmVQYXRoWWFsaWFzRGF0YV8QHGZpZ3VyZXMvc3Bpbm5fbGFiZWxlZF9idy5wbmfSFwsYGVdOUy5kYXRhTxEB6AAAAAAB6AACAAAMTWFjaW50b3NoIEhEAAAAAAAAAAAAAAAAAAAAAAAAAEJEAAH/////FHNwaW5uX2xhYmVsZWRfYncucG5nAAAAAAAAAAAAAAAAAAAAAAAAAAAAAAAAAAAAAAAAAAAAAAAAAAAAAAAAAP////8AAAAAAAAAAAAAAAAAAQADAAAKIGN1AAAAAAAAAAAAAAAAAAdmaWd1cmVzAAACAHIvOlVzZXJzOmxvdWlzYmxpbjpHb29nbGUgRHJpdmU6SW1wZXJpYWw6WWVhcjQ6NDAxIC0gSW5kaXZpZHVhbCBQcm9qZWN0OkludGVyaW0gcmVwb3J0OmZpZ3VyZXM6c3Bpbm5fbGFiZWxlZF9idy5wbmcADgAqABQAcwBwAGkAbgBuAF8AbABhAGIAZQBsAGUAZABfAGIAdwAuAHAAbgBnAA8AGgAMAE0AYQBjAGkAbgB0AG8AcwBoACAASABEABIAcFVzZXJzL2xvdWlzYmxpbi9Hb29nbGUgRHJpdmUvSW1wZXJpYWwvWWVhcjQvNDAxIC0gSW5kaXZpZHVhbCBQcm9qZWN0L0ludGVyaW0gcmVwb3J0L2ZpZ3VyZXMvc3Bpbm5fbGFiZWxlZF9idy5wbmcAEwABLwAAFQACABD//wAAgAbSGxwdHlokY2xhc3NuYW1lWCRjbGFzc2VzXU5TTXV0YWJsZURhdGGjHR8gVk5TRGF0YVhOU09iamVjdNIbHCIjXE5TRGljdGlvbmFyeaIiIF8QD05TS2V5ZWRBcmNoaXZlctEmJ1Ryb290gAEACAARABoAIwAtADIANwBAAEYATQBVAGAAZwBqAGwAbgBxAHMAdQB3AIQAjgCtALIAugKmAqgCrQK4AsECzwLTAtoC4wLoAvUC+AMKAw0DEgAAAAAAAAIBAAAAAAAAACgAAAAAAAAAAAAAAAAAAAMU}}

@article{bic,
	Author = {Furber, Steve B.},
	Date-Added = {2018-01-25 12:02:14 +0000},
	Date-Modified = {2018-01-26 01:25:38 +0000},
	Journal = {IET Computers and Digital Techniques},
	Keywords = {Neural networks, Brain modeling},
	Month = {October},
	Number = {6},
	Pages = {299 - 305},
	Title = {Brain-inspired computing},
	Volume = {10},
	Year = {2016}}
